@article{claerbout1991scrutiny,
  title={A Scrutiny of the Introduction},
  author={Claerbout, Jon F},
  journal={The Leading Edge},
  volume={10},
  number={1},
  pages={39--41},
  year={1991},
  publisher={Society of Exploration Geophysicists}
}

@article{landes1951scrutiny,
  title={A Scrutiny of the Abstract},
  author={Landes, Kenneth K},
  journal={Bulletin of the American Association of Petroleum Geologists},
  volume={35},
  number={7},
  pages={1660},
  year={1951}
}

%%% FRA PROJESTPLAN %%%
@online{imt_software_wiki,
    author = "NTNU, Department of Marine Technology", 
    title = "IMT Software Wiki - LaTeX", 
    url = "https://www.ntnu.no/wiki/display/imtsoftware/LaTeX", 
    urldate = "2020-09-15"
}

@online{scrum_guide,
    author = "Schwaber, Ken and Sutherland, Jeff", 
    title = "The 2020 Scrum Guide^{TM}", 
    url = "https://scrumguides.org/scrum-guide.html", 
    urldate = "2025-01-17"
}

@online{3-2-1_data_storage,
    author = "Seagate",
    title = "What is a 3-2-1 Backup Strategy?",
    url = "https://www.seagate.com/gb/en/blog/what-is-a-3-2-1-backup-strategy/",
    urldate = "2025-01-27"
}

@online{skogkurs_nor,
    author = "Skogkurs", 
    title = "Om Skogkurs", 
    url = "https://skogkurs.no/om-skogkurs/", 
    urldate = "2025-01-20"
}

@online{skogkurs_eng,
    author = "Skogkurs", 
    title = "Forestry Extension Institute", 
    url = "https://skogkurs.no/english/", 
    urldate = "2025-01-21",
}

@online{ntnu_idatg2900,
    author = "NTNU", 
    title = "IDATG2900 - Bachelor Thesis", 
    url = "https://www.ntnu.edu/studies/courses/IDATG2900", 
    urldate = "2025-01-23"
}

@online{google_go_style,
    author = "Google", 
    title = "Go Style", 
    url = "https://google.github.io/styleguide/go/", 
    urldate = "2025-01-24"
}

@online{commit_standard,
    author = "Conventional Commits", 
    title = "Conventional Commits", 
    url = "https://www.conventionalcommits.org/en/v1.0.0/", 
    urldate = "2025-01-28"
}

@online{sdlc_model,
    author = "GeeksForGeeks", 
    title = "How to Choose the Best SDLC Model for Your Project", 
    url = "https://www.geeksforgeeks.org/how-to-choose-the-best-sdlc-model-for-your-project/", 
    urldate = "2025-01-30"
}

@online{github_org,
    author = "Bjørnsen, Erik and Houmb, Simon H.", 
    title = "skogkursbachelor", 
    url = "https://github.com/skogkursbachelor", 
    urldate = "2025-01-30"
}

 @misc{waterfall_model_enwiki:1275499744,
    author = "{Wikipedia contributors}",
    title = "Waterfall model --- {Wikipedia}{,} The Free Encyclopedia",
    year = "2025",
    howpublished = "\url{https://en.wikipedia.org/w/index.php?title=Waterfall_model&oldid=1275499744}",
    note = "[Online; accessed 29-April-2025]"
  }

@online{extreme_programming,
    author = "Agile Alliance", 
    title = "Extreme Programming", 
    url = "https://www.agilealliance.org/glossary/xp/", 
    urldate = "2025-01-31"
}

@online{lean_programming,
    author = "Lutkevich, Ben and Silverthorne, Valerie", 
    title = "Lean software development", 
    url = "https://www.techtarget.com/searchsoftwarequality/definition/lean-programming", 
    urldate = "2025-01-31"
}
%%%%%%%%%%%%%%%%%%%%%%%

@article{fjeld2023trafficability,
  title={Modelling forest road trafficability with satellite-based soil moisture variables},
  author={Fjeld, D. and Persson, M. and Fransson, J. E.S and Bjerketvedt, J and Bråthen, M},
  journal={INTERNATIONAL JOURNAL OF FOREST ENGINEERING},
  volume={35},
  number={1},
  pages={12},
  year={2023}
}

@online{nve2025waterdata,
  author    = {NVE},
  title     = {Hvordan lages vanndata for xGeo.no og seNorge.no?},
  year      = {2017},
  url       = {https://www.nve.no/Media/5362/waterdata_v2_no.pdf},
  urldate   = {2025-03-28}
}

@online{geonorge_soil_moisture,
  author    = {GeoNorge},
  title     = {Markfuktighet},
  url       = {https://kartkatalog.geonorge.no/metadata/markfuktighet/15b78acd-b9dd-4f9b-9d95-7aec91e63f0e},
  urldate   = {2025-04-30}
}

@online{ogc2006wms,
  author    = {Open Geospatial Consortium Inc.},
  title     = {OpenGIS Web Map Service (WMS) Implementation Specification},
  year      = {2006},
  url       = {https://www.ogc.org/publications/standard/wms/},
  urldate   = {2025-03-31}
}

@online{ogc2005wfs,
  author    = {Open Geospatial Consortium Inc.},
  title     = {OpenGIS Web Feature Service (WFS) Implementation Specification},
  year      = {2005},
  url       = {https://www.ogc.org/publications/standard/wfs/},
  urldate   = {2025-03-31}
}

@online{openlayers,
  author    = {OpenLayers},
  title     = {A high-performance, feature-packed library for all your mapping needs},
  url       = {https://openlayers.org/},
  urldate   = {2025-03-31}
}

@online{jacobson_use_case,
  author    = {Jacobson, I},
  title     = {Use Cases - The Ultimate Guide},
  url       = {https://www.ivarjacobson.com/publications/articles/use-cases-ultimate-guide},
  urldate   = {2025-04-01}
}

@online{agile_alliance_mvp,
  author    = {Agile Alliance},
  title     = {Agile Glossary - Minimum Viable Product (MVP)},
  url       = {https://www.agilealliance.org/glossary/mvp/},
  urldate   = {2025-04-02}
}

@online{wanner_mmp,
  author    = {Wanner, R},
  title     = {What is a Minimum Marketable Product in Agile Product Development?},
  year      = {2021},
  url       = {https://rolandwanner.com/minimum-marketable-product-in-agile-product-development/},
  urldate   = {2025-04-02}
}

@online{typescript_handbook,
  author    = {Microsoft},
  title     = {The TypeScript Handbook},
  year      = {2025},
  url       = {https://www.typescriptlang.org/docs/handbook/intro.html},
  urldate   = {2025-04-07}
}

@online{react_component,
  author    = {Meta},
  title     = {Describing the UI},
  url       = {https://react.dev/learn/describing-the-ui},
  urldate   = {2025-04-07}
}

@online{react_managing_state,
  author    = {Meta},
  title     = {Managing State},
  url       = {https://react.dev/learn/managing-state},
  urldate   = {2025-04-07}
}

@online{react_state,
  author    = {Meta},
  title     = {State: A Component's Memory},
  url       = {https://react.dev/learn/state-a-components-memory},
  urldate   = {2025-05-02}
}

@online{react_useEffect,
  author    = {Meta},
  title     = {useEffect},
  url       = {https://react.dev/reference/react/useEffect
},
  urldate   = {2025-05-02}
}

@online{senorge_terminology,
  author    = {SeNorge},
  title     = {Fagbegrep},
  url       = {https://www.senorge.no/Terminology},
  urldate   = {2025-04-10}
}

@online{senorge_watermap,
    author    = {SeNorge},
    title     = {Hvordan lages vannkartene i SeNorge og Xgeo?},
    url       = {https://senorge.no/WaterMap},
    urldate   = {2025-04-10}
}

@online{ngu_deposits,
  author    = {Norges Geologiske Undersøkelse},
  title     = {Bruk av Grunnvann - Tabell 1},
  url       = {https://www.ngu.no/filearchive/91/bruk_av_grunnvann_tabell1.pdf},
  urldate   = {2025-04-10}
}

@online{snl_losmasser,
  author    = {Store Norske Leksikon},
  title     = {Løsmasser},
  url       = {https://snl.no/løsmasser},
  urldate   = {2025-04-10}
}

@misc{wiki:tele,
    author = "Wikipedia",
    title = "Tele (jord) --- Wikipedia{,} ",
    year = "2024",
    url = "'''\url{'''https://no.wikipedia.org/w/index.php?title=Tele_(jord)&oldid=24384271'''}'''",
    note = "[Online; visited 30-april-2025]"
  }

@online{openstreetmap,
  author    = {OpenStreetMap},
  title     = {OpenStreetMap provides map data for thousands of websites, mobile apps, and hardware devices},
  url       = {https://www.openstreetmap.org/about},
  urldate   = {2025-04-10}
}

@online{esa_sentinel-1,
  author    = {European Space Agency},
  title     = {Overview of Sentinel-1 Mission},
  url       = {https://sentiwiki.copernicus.eu/web/s1-mission},
  urldate   = {2025-04-10}
}

@online{nasaSMAP,
  author    = {National Aeronautics and Space Administration},
  title     = {Mission Description},
  url       = {https://smap.jpl.nasa.gov/mission/description/},
  urldate   = {2025-04-10}
}

@online{britannica_permeability,
  author    = {Britannica},
  title     = {permeability},
  url       = {https://www.britannica.com/science/permeability-physics},
  urldate   = {2025-04-10}
}

@online{geojson,
  author    = {GeoJSON},
  title     = {GeoJSON},
  url       = {https://geojson.org/},
  urldate   = {2025-04-10}
}

@online{openstack,
  author    = {OpenStack},
  title     = {The Most Widely Deployed Open Source Cloud Software in the World},
  url       = {https://www.openstack.org/},
  urldate   = {2025-04-10}
}

@online{geonorge_losmasser,
  author    = {Geonorge},
  title     = {Løsmasser},
  url       = {https://register.geonorge.no/det-offentlige-kartgrunnlaget/losmasser/3de4ddf6-d6b8-4398-8222-f5c47791a757},
  urldate   = {2025-04-10}
}

@online{openmeteo,
  author    = {Open-Meteo},
  title     = {Open-Meteo},
  url       = {https://open-meteo.com/},
  urldate   = {2025-04-30}
}

@misc{goproglanguage,
    author = "{Wikipedia contributors}",
    title = "Go (programming language) --- {Wikipedia}{,} The Free Encyclopedia",
    year = "2025",
    url = "https://en.wikipedia.org/w/index.php?title=Go_(programming_language)&oldid=1286572883",
    note = "[Online; accessed 2-May-2025]"
}

@misc{dockerwikipedia,
    author = "{Wikipedia contributors}",
    title = "Docker (software) --- {Wikipedia}{,} The Free Encyclopedia",
    year = "2025",
    url = "https://en.wikipedia.org/w/index.php?title=Docker_(software)&oldid=1286977923",
    note = "[Online; accessed 2-May-2025]"
}

@misc{containerizationwikipedia,
    author = "{Wikipedia contributors}",
    title = "Containerization (computing) --- {Wikipedia}{,} The Free Encyclopedia",
    year = "2025",
    url = "https://en.wikipedia.org/w/index.php?title=Containerization_(computing)&oldid=1287606192",
    note = "[Online; accessed 2-May-2025]"
}

@misc{rtreewikipedia,
    author = "{Wikipedia contributors}",
    title = "R-tree --- {Wikipedia}{,} The Free Encyclopedia",
    year = "2025",
    url = "https://en.wikipedia.org/w/index.php?title=R-tree&oldid=1279207460",
    note = "[Online; accessed 5-May-2025]"
}

@online{dockercomposedocs,
  author    = {Docker},
  title     = {Docker Compose},
  url       = {https://docs.docker.com/compose/},
  urldate   = {2025-05-05}
}

@online{dockerfiledocs,
  author    = {Docker},
  title     = {Dockerfile Documentation},
  url       = {https://docs.docker.com/reference/dockerfile/},
  urldate   = {2025-05-07}
}

@online{skogdata2024vsys,
  author    = {Mari Holm Endresen},
  title     = {VSYS Transport},
  url       = {https://skogdata.visualstudio.com/Public/_wiki/wikis/Public.wiki/2450/VSYS-Transport},
  year      = {2024},
  urldate   = {2025-05-08}
}

@online{vite,
  author    = {Vite},
  title     = {Getting Started},
  url       = {https://vite.dev/guide/},
  urldate   = {2025-05-09}
}

@online{ntnususaf,
  author    = {NTNU},
  title     = {Sustainability in Computing Education},
  url       = {https://www.ntnu.edu/web/excited/sustainability-in-computing-education},
  urldate   = {2025-05-09}
}

@online{susosusaf,
  author    = {SUSO},
  title     = {Sustainability Awareness Framework (SusAF)},
  url       = {https://www.suso.academy/en/sustainability-awareness-framework-susaf/},
  urldate   = {2025-05-11}
}

@online{sdgsgoals,
  author    = {Department of Economic and Social Affairs},
  title     = {THE 17 GOALS | Sustainable Development},
  url       = {https://sdgs.un.org/goals/},
  urldate   = {2025-05-11}
}

@online{sdg3no,
  author    = {United Nations Association of Norway},
  title     = {God helse og livskvalitet},
  url       = {https://fn.no/om-fn/fns-baerekraftsmaal/god-helse-og-livskvalitet},
  urldate   = {2025-05-11}
}

@misc{jevonsparadoxwiki,
    author = "{Wikipedia contributors}",
    title = "Jevons paradox --- {Wikipedia}{,} The Free Encyclopedia",
    year = "2025",
    url = "https://en.wikipedia.org/w/index.php?title=Jevons_paradox&oldid=1288712567",
    note = "[Online; accessed 11-May-2025]"
  }

  @misc{planningpokerwiki,
    author = "{Wikipedia contributors}",
    title = "Planning poker --- {Wikipedia}{,} The Free Encyclopedia",
    year = "2024",
    url = "https://en.wikipedia.org/w/index.php?title=Planning_poker&oldid=1243064642",
    note = "[Online; accessed 12-May-2025]"
  }